
@Book{lattice2008,
    title = {Lattice: Multivariate Data Visualization with R},
    author = {Deepayan Sarkar},
    publisher = {Springer},
    address = {New York},
    year = {2008},
    note = {ISBN 978-0-387-75968-5},
    url = {http://lmdvr.r-forge.r-project.org}
}
  
@Book{ggplot22009,
    author = {Hadley Wickham},
    title = {ggplot2: elegant graphics for data analysis},
    publisher = {Springer New York},
    year = {2009},
    isbn = {978-0-387-98140-6},
    url = {http://had.co.nz/ggplot2/book}
}
  
@Manual{fields2011,
    title = {fields: Tools for spatial data},
    author = {Reinhard Furrer and Douglas Nychka and Stephen Sain},
    year = {2011},
    note = {R package version 6.6.1},
    url = {http://CRAN.R-project.org/package=fields}
}
  
@Manual{pyramid2010,
    title = {pyramid: Functions to draw population pyramid},
    author = {Minato Nakazawa},
    year = {2010},
    note = {R package version 1.2},
    url = {http://CRAN.R-project.org/package=pyramid}
}
  
@Manual{Pyramid2011,
    title = {Pyramid: a function for plotting population pyramids},
    author = {Tim Riffe},
    year = {2011},
    note = {R package version 1.11}
}
  
@Manual{LexisSurface2011,
    title = {LexisSurface: Plot Lexis Mortality Surfaces},
    author = {Tim Riffe},
    year = {2011},
    note = {R package version 1.1}
}
  
@article{wilkinson2010grammar,
  title={The grammar of graphics},
  author={Wilkinson, L.},
  journal={Wiley Interdisciplinary Reviews: Computational Statistics},
  year={2010},
  publisher={Wiley Online Library}
}

@book{jacoby1998statistical,
  title={Statistical graphics for visualizing multivariate data},
  author={Jacoby, W.G.},
  volume={120},
  year={1998},
  publisher={Sage Publications, Inc}
}

@Manual{Rbase2011,
    title = {R: A Language and Environment for Statistical Computing},
    author = {{R Development Core Team}},
    organization = {R Foundation for Statistical Computing},
    address = {Vienna, Austria},
    year = {2011},
    note = {{ISBN} 3-900051-07-0},
    url = {http://www.R-project.org/}
}
  
@ELECTRONIC{HFD2010,
  author = {{Human Fertility Database.}},
  month = {June},
  year = {2010},
  title = {{Human Fertility Database.}},
  organization = {Max Planck Institute for Demographic Research (Germany) and Vienna
	Institute of Demography (Austria).},
  url = {www.humanfertility.org},
  __markedentry = {[Tim Riffe]},
  citeseerurl = {Available at www.humanfertility.org},
  owner = {Tim Riffe},
  timestamp = {2010.06.07}
}

@ELECTRONIC{HMD2011,
  author = {{Human Mortality Database.}},
  month = {Nov.},
  year = {2011},
  title = {{Human Mortality Database.}},
  organization = {University of California, Berkeley (USA), and Max Planck Institute for Demographic Research (Germany).},
  url = {www.mortality.org},
  __markedentry = {[Tim Riffe]},
  citeseerurl = {Available at www.mortality.org},
  owner = {Tim Riffe},
  timestamp = {2011.11.22}
}